
@TechReport{Bueler2003,
  AUTHOR    = {E. Bueler},
  TITLE     = {Construction of steady state solutions for isothermal
  shallow ice sheets},
  INSTITUTION = {Dept.~Mathematical Sciences, University of Alaska Fairbanks},
  NUMBER    = {03-02},
  YEAR      = {2003},
  URL       = {http://bueler.github.io/papers/steadyiso.pdf},
  NOTE      = {\href{http://bueler.github.io/papers/steadyiso.pdf}{\texttt{bueler.github.io/papers/steadyiso.pdf}}},
}

@Unpublished{Bueler2022,
  AUTHOR    = {E. Bueler},
  TITLE     = {A new kinematical conservation law for glaciers},
  YEAR      = {2022},
  NOTE      = {early draft},
}

@Book{FowlerNg2021,
  AUTHOR    = {A. Fowler and F. Ng},
  TITLE     = {{Glaciers and Ice Sheets in the Climate System: The Karthaus Summer School Lecture Notes}},
  PUBLISHER = {Springer},
  YEAR      = {2021},
}

@Book{GreveBlatter2009,
  AUTHOR    = {R. Greve and H. Blatter},
  TITLE     = {Dynamics of {I}ce {S}heets and {G}laciers},
  SERIES    = {Advances in Geophysical and Environmental Mechanics and
               Mathematics},
  PUBLISHER = {Springer},
  YEAR      = {2009},
}

@Article{GudmundssonBauder1999,
  author={G. H. Gudmundsson and A. Bauder},
  title={Towards an indirect determination of the mass-balance distribution of glaciers using the kinematic boundary condition},
  journal={Geografiska Annaler: Series A, Physical Geography},
  volume={81},
  number={4},
  pages={575--583},
  year={1999},
}

@Book{vanderVeen2013,
  AUTHOR    = {C. van der Veen},
  TITLE     = {Fundamentals of {G}lacier {D}ynamics},
  EDITION   = {2nd},
  PUBLISHER = {CRC Press},
  YEAR      = {2013},
}
