@Article{essd-2-247-2010,
AUTHOR = {Le Brocq, A. M. and Payne, A. J. and Vieli, A.},
TITLE = {An improved Antarctic dataset for high resolution numerical ice sheet models (ALBMAP v1)},
JOURNAL = {Earth System Science Data},
VOLUME = {2},
YEAR = {2010},
NUMBER = {2},
PAGES = {247--260},
URL = {https://essd.copernicus.org/articles/2/247/2010/},
DOI = {10.5194/essd-2-247-2010}
}